@article{che2016programming,
  title={Programming {GPGPU} Graph Applications with Linear Algebra Building Blocks},
  author={Che, Shuai and Beckmann, Bradford M and Reinhardt, Steven K},
  journal={Intl.\ Journal of Parallel Programming},
  pages={1--23},
  year={2016},
  publisher={Springer}
}
@article{brandes2001faster,
  title={A faster algorithm for betweenness centrality},
  author={Brandes, Ulrik},
  journal={Journal of mathematical sociology},
  volume={25},
  number={2},
  pages={163--177},
  year={2001},
  publisher={Taylor \& Francis}
}
@article{robinson2011complex,
  title={Complex graph algorithms},
  author={Robinson, Eric},
  journal={Graph Algorithms in the Language of Linear Algebra},
  volume={22},
  pages={59},
  year={2011},
  publisher={SIAM Philadelphia, PA}
}
@inproceedings{mathgraphblas16,
 author = {Jeremy Kepner and Peter Aaltonen and David Bader and Ayd{\i}n Bulu\c{c} and Franz Franchetti and John Gilbert and Dylan Hutchison and Manoj Kumar and Andrew Lumsdaine and Henning Meyerhenke and Scott McMillan and Jos{\'e} Moreira and John Owens and Carl Yang and Marcin Zalewski and Timothy Mattson},
  title = {Mathematical Foundations of the {GraphBLAS}},
  booktitle = {IEEE High Performance Extreme Computing (HPEC)},
  year = {2016}
} 
@book{george2012graph,
  title={Graph theory and sparse matrix computation},
  author={George, Alan and Gilbert, John R and Liu, Joseph WH},
  volume={56},
  year={2012},
  publisher={Springer Science \& Business Media}
}
@book{kepner2011graph,
  title={Graph algorithms in the language of linear algebra},
  author={Kepner, Jeremy and Gilbert, John},
  volume={22},
  year={2011},
  publisher={SIAM}
}
@article{sundaram2015graphmat,
  title={GraphMat: High performance graph analytics made productive},
  author={Sundaram, Narayanan and Satish, Nadathur and Patwary, Md Mostofa Ali and Dulloor, Subramanya R and Anderson, Michael J and Vadlamudi, Satya Gautam and Das, Dipankar and Dubey, Pradeep},
  journal={Proceedings of the VLDB Endowment},
  volume={8},
  number={11},
  pages={1214--1225},
  year={2015},
  publisher={VLDB Endowment}
}
@inproceedings{gadepally2015graphulo,
  title={Graphulo: Linear algebra graph kernels for {NoSQL} databases},
  author={Gadepally, Vijay and Bolewski, Jake and Hook, Dan and Hutchison, Dylan and Miller, Ben and Kepner, Jeremy},
  booktitle={Intl.\ Parallel \& Distributed Processing Symposium Workshop (IPDPSW)},
  pages={822--830},
  year={2015},
  organization={IEEE}
}
@inproceedings{gbtl-cuda16,
  title={{GBTL-CUDA}: Graph Algorithms and Primitives for {GPU}s},
  author={Zhang, Peter and Zalewski, Marcin and Lumsdaine, Andrew and Misurda, Samantha and McMillan, Scott},
  booktitle={Intl.\ Parallel \& Distributed Processing Symposium Workshop (IPDPSW)},
  pages={912--920},
  year={2016},
  organization={IEEE}
}
@misc{gbtl-github,
 title = {{GraphBLAS} {T}emplate {L}ibrary ({GBTL})},
 howpublished = {\url{https://github.com/cmu-sei/gbtl}},
}

@misc{cook,
 title = {{GraphBLAS} C99 library},
 author={Bob Cook},
 howpublished = {\url{https://github.com/bobcgausa/GraphBLAS}},
}

@inproceedings{gpi2016,
 author = {Ekanadham, K. and Horn, W. P. and Kumar, Manoj and Jann, Joefon and Moreira, Jos{\'e} and Pattnaik, Pratap and Serrano, Mauricio and Tanase, Gabriel and Yu, Hao},
 title = {{Graph Programming Interface (GPI)}: A Linear Algebra Programming Model for Large Scale Graph Computations},
 booktitle = {Proc.\ ACM Intl.\ Conference on Computing Frontiers},
 series = {CF '16},
 year = {2016},
 location = {Como, Italy},
 pages = {72--81},
 numpages = {10},
 acmid = {2903164},
 publisher = {ACM},
 address = {New York, NY, USA},
}
@article{bader2006designing,
  title={Designing scalable synthetic compact applications for benchmarking high productivity computing systems},
  author={Bader, D and Madduri, Kamesh and Gilbert, J and Shah, Viral and Kepner, Jeremy and Meuse, Theresa and Krishnamurthy, Ashok},
  journal={Cyberinfrastructure Technology Watch},
  volume={2},
  pages={1--10},
  year={2006},
  publisher={Citeseer}
}
@inproceedings{chiuw17,
 author = {Ariful Azad and Ayd{\i}n Bulu\c{c}},
 title = {Towards a {GraphBLAS} Library in {C}hapel},
 booktitle = {Intl.\ Parallel \& Distributed Processing Symposium Workshop (IPDPSW},
 year = {2017},
}
@article{combblas,
  author = {Ayd{\i}n Bulu\c{c} and John R. Gilbert},
  title = {The {C}ombinatorial {BLAS}: Design, Implementation, and Applications},
  journal = {The Intl.\ Journal of High Performance Computing Applications},
  year = {2011},
  volume = {25},
  number = {4},
  pages = {496 - 509},
}
@misc{suiteSparse,
 title = {The suite sparse GraphBLAS library },
 howpublished = {\url{http://faculty.cse.tamu.edu/davis/suitesparse.html}},
}

@inproceedings{hpec13,
  author = {T. Mattson and D. Bader and J. Berry and A. Bulu\c{c} and J. Dongarra and C. Faloutsos and J. Feo and J. Gilbert and J. Gonzalez and B. Hendrickson and J. Kepner and C. Leiserson and A. Lumsdaine and D. Padua and S. Poole and S. Reinhardt and M. Stonebraker and S. Wallach and A. Yoo},
  title = {Standards for Graph Algorithm Primitives},
  booktitle = {High Performance Extreme Computing Conf. (HPEC)},
  year = 2013,
  organization = {IEEE},
}

@inproceedings{cspec,
  author = {Aydin Bulu\c{c} and Tim Mattson and Scott McMillan and Jose Moreira and Carl Yang},
  title = {Design of the GraphBLAS API for C},
  booktitle = {Graph Algorithms Building Blocks workshop at IPDPS (GABB)},
  year = 2017,
  organization = {IEEE},
}

@misc{graphblas_web,
 title = {The {GraphBLAS} {F}orum},
 howpublished = {\url{http://graphblas.org/}},
}

@misc{ibmGraphBLAS,
 title = {IBM's GraphBLAS implementation},
 howpublished = {\url{http://graphblas.org/}},
}

@ARTICLE{topc17,
	author = {{Wang}, Y. and {Pan}, Y. and {Davidson}, A. and {Wu}, Y. and 
	{Yang}, C. and {Wang}, L. and {Osama}, M. and {Yuan}, C. and 
	{Liu}, W. and {Riffel}, A.~T. and {Owens}, J.~D.},
	title = "{Gunrock: GPU Graph Analytics}",
	journal = {ArXiv e-prints},
	archivePrefix = "arXiv",
	eprint = {1701.01170},
	primaryClass = "cs.DC",
	keywords = {Computer Science - Distributed, Parallel, and Cluster Computing},
	year = 2017,
	month = jan,
	adsurl = {http://adsabs.harvard.edu/abs/2017arXiv170101170W},
	adsnote = {Provided by the SAO/NASA Astrophysics Data System}
}
