
@article{Gustavson78,
        author={Gustavson, F. G.},
        year={1978},
        title={Two Fast Algorithms for Sparse Matrices: Multiplication and Permuted Transposition},
        journal={ACM Trans. Math. Softw.},
        volume={4},
        number={3},
        pages={250--269},
        doi={ http://dx.doi.org/10.1145/355791.355796 }, }

@inproceedings{BulucGilbert08,
    author={Bulu\c{c}, A. and Gilbert, J. R.},
    author={A. Buluc and J. R. Gilbert}, 
    booktitle={2008 IEEE International Symposium on Parallel and Distributed Processing}, 
    title={On the representation and multiplication of hypersparse matrices}, 
    year={2008}, 
    volume={}, 
    number={}, 
    pages={1-11}, 
    doi={10.1109/IPDPS.2008.4536313}, 
    ISSN={1530-2075}, 
    month={April},}


